<?xml version="1.0" encoding="UTF-8"?>
<record xmlns="http://www.loc.gov/MARC21/slim" xmlns:xsi="http://www.w3.org/2001/XMLSchema-instance" xsi:schemaLocation="http://www.loc.gov/MARC21/slim http://www.loc.gov/standards/marcxml/schema/MARC21slim.xsd">
<leader>00000cam a22      a 4500</leader>
<controlfield tag="001">001725799</controlfield>
<controlfield tag="003">NNU</controlfield>
<controlfield tag="005">20160302153258.0</controlfield>
<controlfield tag="008">810514s1959    le a     b    000 0 eng</controlfield>
<datafield tag="010" ind1=" " ind2=" ">
<subfield code="a">ne 61000174</subfield>
</datafield>
<datafield tag="035" ind1=" " ind2=" ">
<subfield code="a">(OCoLC)7421048</subfield>
<subfield code="z">(OCoLC)264966825</subfield>
</datafield>
<datafield tag="040" ind1=" " ind2=" ">
<subfield code="a">DLC</subfield>
<subfield code="b">eng</subfield>
<subfield code="c">CUV</subfield>
<subfield code="d">DLC</subfield>
<subfield code="d">STF</subfield>
<subfield code="d">RBN</subfield>
<subfield code="d">OCLCF</subfield>
<subfield code="d">OCLCO</subfield>
<subfield code="d">OCLCQ</subfield>
<subfield code="d">OCLCO</subfield>
<subfield code="d">IUL</subfield>
</datafield>
<datafield tag="041" ind1="1" ind2=" ">
<subfield code="a">eng</subfield>
<subfield code="a">ara</subfield>
<subfield code="h">ara</subfield>
</datafield>
<datafield tag="042" ind1=" " ind2=" ">
<subfield code="a">premarc</subfield>
</datafield>
<datafield tag="050" ind1="0" ind2="0">
<subfield code="a">PJ25</subfield>
<subfield code="b">.A6 no. 32</subfield>
</datafield>
<datafield tag="082" ind1=" " ind2="4">
<subfield code="a">520.9</subfield>
</datafield>
<datafield tag="100" ind1="1" ind2=" ">
<subfield code="6">880-01</subfield>
<subfield code="a">Bīrūnī, Muḥammad ibn Aḥmad,</subfield>
<subfield code="d">973?-1048.</subfield>
</datafield>
<datafield tag="240" ind1="1" ind2="0">
<subfield code="6">880-02</subfield>
<subfield code="a">Tamhīd al-mustaqarr li-taḥqīq maʻná al-mamarr.</subfield>
<subfield code="l">English</subfield>
</datafield>
<datafield tag="245" ind1="1" ind2="3">
<subfield code="a">al-Bīrūni on transits;</subfield>
<subfield code="b">a study of an Arabic treatise entitled Tamhīd al-mustaqarr li-taḥqīq maʻná al-mamarr [romanized form] /</subfield>
<subfield code="c">by Abū al-Rayḥān Muḥammad ibn Aḥmad al-Bīrūni ; translated by Mohammad Saffouri &amp; Adnan Ifram ; with a commentary by E.S. Kennedy.</subfield>
</datafield>
<datafield tag="260" ind1=" " ind2=" ">
<subfield code="a">[Beirut] :</subfield>
<subfield code="b">[American University of Beirut],</subfield>
<subfield code="c">1959.</subfield>
</datafield>
<datafield tag="300" ind1=" " ind2=" ">
<subfield code="a">ix, 201 pages :</subfield>
<subfield code="b">illustrations ;</subfield>
<subfield code="c">25 cm.</subfield>
</datafield>
<datafield tag="336" ind1=" " ind2=" ">
<subfield code="a">text</subfield>
<subfield code="b">txt</subfield>
<subfield code="2">rdacontent</subfield>
</datafield>
<datafield tag="337" ind1=" " ind2=" ">
<subfield code="a">unmediated</subfield>
<subfield code="b">n</subfield>
<subfield code="2">rdamedia</subfield>
</datafield>
<datafield tag="338" ind1=" " ind2=" ">
<subfield code="a">volume</subfield>
<subfield code="b">nc</subfield>
<subfield code="2">rdacarrier</subfield>
</datafield>
<datafield tag="490" ind1="0" ind2=" ">
<subfield code="a">Sources and studies in the history of the exact sciences ;</subfield>
<subfield code="v">1</subfield>
</datafield>
<datafield tag="490" ind1="1" ind2=" ">
<subfield code="a">American University of Beirut. Publication of the Faculty of Arts and Sciences. Oriental series ;</subfield>
<subfield code="v">no. 32</subfield>
</datafield>
<datafield tag="504" ind1=" " ind2=" ">
<subfield code="a">Includes bibliographical references (pages 189-191).</subfield>
</datafield>
<datafield tag="650" ind1=" " ind2="0">
<subfield code="a">Astronomy</subfield>
<subfield code="v">Early works to 1800.</subfield>
</datafield>
<datafield tag="650" ind1=" " ind2="0">
<subfield code="a">Transits.</subfield>
</datafield>
<datafield tag="650" ind1=" " ind2="7">
<subfield code="a">Astronomy.</subfield>
<subfield code="2">fast</subfield>
<subfield code="0">(OCoLC)fst00819673</subfield>
</datafield>
<datafield tag="650" ind1=" " ind2="7">
<subfield code="a">Transits.</subfield>
<subfield code="2">fast</subfield>
<subfield code="0">(OCoLC)fst01154793</subfield>
</datafield>
<datafield tag="655" ind1=" " ind2="7">
<subfield code="a">Early works.</subfield>
<subfield code="2">fast</subfield>
<subfield code="0">(OCoLC)fst01411636</subfield>
</datafield>
<datafield tag="700" ind1="1" ind2=" ">
<subfield code="a">Kennedy, E. S.</subfield>
<subfield code="q">(Edward Stewart),</subfield>
<subfield code="d">1912-2009.</subfield>
</datafield>
<datafield tag="700" ind1="1" ind2=" ">
<subfield code="6">880-03</subfield>
<subfield code="a">Ṣaffūrī, Muḥammad.</subfield>
</datafield>
<datafield tag="700" ind1="1" ind2=" ">
<subfield code="a">Ifram, Adnan F.</subfield>
</datafield>
<datafield tag="700" ind1="1" ind2="2">
<subfield code="6">880-04</subfield>
<subfield code="a">Bīrūnī, Muḥammad ibn Aḥmad,</subfield>
<subfield code="d">973?-1048.</subfield>
<subfield code="t">Tamhīd al-mustaqarr li-taḥqīq maʻná al-mamarr.</subfield>
</datafield>
<datafield tag="880" ind1="1" ind2=" ">
<subfield code="6">100-01/</subfield>
<subfield code="a">بيروني، محمد بن أحمد.</subfield>
</datafield>
<datafield tag="880" ind1="1" ind2="0">
<subfield code="6">240-02/</subfield>
<subfield code="a">تمهيد المستقر لتحقيق معنى الممر.</subfield>
<subfield code="l">انكليزية</subfield>
</datafield>
<datafield tag="880" ind1="1" ind2=" ">
<subfield code="6">700-03/</subfield>
<subfield code="a">صفوري، محمد.</subfield>
</datafield>
<datafield tag="880" ind1="1" ind2="2">
<subfield code="6">700-04/</subfield>
<subfield code="a">بيروني، محمد بن أحمد.</subfield>
<subfield code="t">تمهيد المستقر لتحقيق معنى الممر.</subfield>
</datafield>
<datafield tag="830" ind1=" " ind2="0">
<subfield code="a">Publication of the Faculty of Arts and Sciences.</subfield>
<subfield code="p">Oriental series ;</subfield>
<subfield code="v">no. 32.</subfield>
</datafield>
<datafield tag="OWN" ind1=" " ind2=" ">
<subfield code="a">GENERAL</subfield>
</datafield>
<datafield tag="AVA" ind1=" " ind2=" ">
<subfield code="a">NYU50</subfield>
<subfield code="b">BOBST</subfield>
<subfield code="c">Main Collection</subfield>
<subfield code="d">PJ25 .A6 no.32</subfield>
<subfield code="e">unavailable</subfield>
<subfield code="t">Unavailable</subfield>
<subfield code="f">1</subfield>
<subfield code="g">1</subfield>
<subfield code="h">N</subfield>
<subfield code="i">0</subfield>
<subfield code="j">MAIN</subfield>
<subfield code="k">0</subfield>
</datafield>
</record>
